%% This BibTeX bibliography file was created using BibDesk.
%% http://bibdesk.sourceforge.net/


%% Created for Steve Schneider at 2012-05-11 20:20:53 +0100 


%% Saved with string encoding Unicode (UTF-8) 


@string{esorics = {European Symposium on Research in Computer Security}}

@string{lncs = {Lecture Notes in Computer Science}}

@string{sp = {Symposium on Security and Privacy}}

@string{unt = {University of Newcastle upon Tyne}}


@article{lindemanStark12,
       author = {M. Lindeman and P.B. Stark},
       title = {A Gentle Introduction to Risk-Limiting Audits},
       journal = {IEEE Security and Privacy},
       year = 2012,
       volume = 10,
       pages = {42-49}
}


@article{feldman2006security,
	title={Security analysis of the Diebold AccuVote-TS voting machine},
	author={Feldman, Ariel J and Halderman, J Alex and Felten, Edward W},
	year={2006},
	publisher={Center for Information Technology Policy, Princeton University}
}

@inproceedings{kohno2004analysis,
	title={Analysis of an electronic voting system},
	author={Kohno, Tadayoshi and Stubblefield, Adam and Rubin, Aviel D and Wallach, Dan S},
	booktitle={Security and Privacy, 2004. Proceedings. 2004 IEEE Symposium on},
	pages={27--40},
	year={2004},
	organization={IEEE}
}

@article{butler2008systemic,
	title={Systemic Issues in the Hart InterCivic and Premier Voting Systems: Reflections on Project EVEREST.},
	author={Butler, Kevin RB and Enck, William and Hursti, Harri and McLaughlin, Stephen E and Traynor, Patrick and McDaniel, Patrick},
	journal={EVT},
	volume={8},
	pages={1--14},
	year={2008}
}

@misc{CAttbr,
	title = "California Top to Bottom review of Voting",
	howpublished="\url{http://www.sos.ca.gov/elections/voting-systems/oversight/top-bottom-review}"
}	

@inproceedings{halderman2015new,
	title={The new south wales i{V}ote system: Security failures and verification flaws in a live online election},
	author={Halderman, J Alex and Teague, Vanessa},
	booktitle={International Conference on E-Voting and Identity},
	pages={35--53},
	year={2015},
	organization={Springer}
}

@misc{AECSenateDesign,
	howpublished="\url{http://www.aec.gov.au/elections/candidates/files/counting/css-faqs.pdf},
    {http://www.aec.gov.au/elections/candidates/files/counting/css-technical-aspects.pdf},
	{http://www.aec.gov.au/elections/candidates/files/counting/senate-count-process-diagram.pdf}",
	year=2016
}

@misc{CountingBug,
	author="Andrew Conway and Michelle Blom and Lee Naish and Vanessa Teague",
	title =  "An analysis of New South Wales electronic vote counting",
	howpublished = "\url{{https://siliconeconometrics.github.io/PublicService/CountVotes/NSWLGE2012MillionRuns/TechReport.pdf}}"
}

@inproceedings{lindemanEtal12,
      year = 2012,
      author = {M. Lindeman and P.B. Stark and V. Yates},
      title = {{BRAVO}: Ballot-polling risk-limiting audits to verify outcomes},
       booktitle = {Proceedings of the 2011 Electronic Voting Technology Workshop / Workshop
                 on Trustworthy Elections (EVT/WOTE '11)},
       organization = {{USENIX}}
}

@article{starkWagner12,
       author = {P.B. Stark and D.A. Wagner},
       title = {Evidence-Based Elections},
       journal = {IEEE Security and Privacy},
       year = 2012,
       volume = 10,
       pages =  {33-41}
}

@inproceedings{hallEtal09,
  author = {J.L. Hall and L.W. Miratrix and P.B. Stark and M. Briones
            and E. Ginnold and F. Oakley and M. Peaden and G. Pellerin and T. Stanionis
            and T. Webber},
  title = {Implementing risk-limiting post-election audits in {C}alifornia},
  organization = {{USENIX}},
  booktitle = {Proc.~2009 Electronic Voting Technology Workshop/Workshop on Trustworthy
                 Elections (EVT/WOTE~'09)},
  address = {Montreal, Canada},
  month = {August},
  year = 2009,
  url = {http://www.usenix.org/event/evtwote09/tech/full_papers/hall.pdf},
}

@article{stark09b,
  author = {Stark, P.B.},
  title = {Risk-limiting post-election audits: {$P$}-values from common probability inequalities},
  journal = {IEEE Transactions on Information Forensics and Security},
  year = 2009,
  volume = {4},
  pages = {1005-1014}
}

@techreport{stark09c,
  author = {Stark, P.B.},
  title = {Auditing a collection of races simultaneously},
  url = {http://arxiv.org/abs/0905.1422v1},
  institution = {{arXiv.org}},
  year = 2009
}

@misc{stark09d,
       author = {Stark, P.B.},
       year = 2009,
       title = {Efficient post-election audits of multiple contests: 2009 {C}alifornia tests},
       howpublished = {\url{http://ssrn.com/abstract=1443314}},
       institution = {Social Science Research Network},
       note = {2009 Conference on Empirical Legal Studies}
}

@techreport{banuelosStark12,
     author = {Ba\~{n}uelos, J.H. and P.B. Stark},
     year = 2012,
     title = {Limiting Risk by Turning Manifest Phantoms into Evil Zombies},
     url = {http://arxiv.org/abs/1207.3413},
     institution = {{arXiv.org}},
     note = {Retrieved 17 July 2012}
}

@inproceedings{stark2010super,
  title={Super-Simple Simultaneous Single-Ballot Risk-Limiting Audits.},
  author={Stark, Philip B},
  booktitle={EVT/WOTE},
  year={2010}
}


@book{panel88,
        title = {Statistical models and analysis in auditing: A study of statistical models and
                 methods for analyzing nonstandard mixtures of distributions in auditing},
        year = 1988,
        publisher = {National Academy Press},
        pages = 91,
        address = {Washington, D.C.},
        author = {{Panel on Nonstandard Mixtures of Distributions}}
}

@article{wald45,
        Author             = {Wald, A.},
        year               = 1945,
        title              = {Sequential tests of statistical hypotheses},
        journal          = {Ann. Math. Stat.},
        volume = 16,
        pages = {117--186}
}

@book{wald04,
        author = {Wald, A.},
        year = 2004,
        publisher = {Dover Publications},
        title = {Sequential Analysis},
        address = {Mineola, New York},
        pages = 224
}

@article{kaplan87,
    title = {A Method of One-Sided Nonparametric Inference for the Mean of a Nonnegative Population},
   author = {Kaplan, H.M.},
   journal = {The American Statistician},
   volume = {41},
   year = 1987,
   pages = {157-158}
 }


@inproceedings{Aditya04anefficient,
	Author = {R. Aditya and B. Lee and C. Boyd},
	Booktitle = {TrustBus2004, volume 3184 of LNCS},
	Date-Added = {2012-05-11 18:53:50 +0000},
	Date-Modified = {2012-05-11 18:53:50 +0000},
	Pages = {152--161},
	Publisher = {Springer},
	Title = {An efficient mixnet-based voting scheme providing receipt-freeness},
	Year = {2004}}

@inproceedings{groth2005non,
  title={Non-interactive zero-knowledge arguments for voting},
  author={Groth, J.},
  booktitle={Applied Cryptography and Network Security},
  pages={467--482},
  year={2005},
  organization={Springer}
}

@incollection{lipmaa2003diophantine,
  title={On diophantine complexity and statistical zero-knowledge arguments},
  author={Lipmaa, H.},
  booktitle={Advances in Cryptology-ASIACRYPT 2003},
  pages={398--415},
  year={2003},
  publisher={Springer}
}

@inproceedings{boudot2000efficient,
  title={Efficient proofs that a committed number lies in an interval},
  author={Boudot, F.},
  booktitle={Advances in Cryptologyâ€”EUROCRYPT 2000},
  pages={431--444},
  year={2000},
  organization={Springer}
}

@misc{GjosteenNorway,
  Author="Gj{\o}steen, K.",
  Title="The Norweigan Internet voting protocol",
  YEar="2013",
  month="august",  
  note="IACR Eprint archive, paper 473.  Earlier version in Vote-ID 2011."
}

@misc{BeVoting,
  Title="BeVoting study of electronic voting systems",
  Note="Available at \url{http://www.ibz.rrn.fgov.be/fileadmin/user\_upload/Elections/fr/presentation/bevoting-2\_gb.pdf}",
  Year={2007}
 }

@booklet{Wik10,
	Author = {D. Wikstr\"{o}m},
	Date-Added = {2012-05-10 23:06:28 +0000},
	Date-Modified = {2012-05-10 23:06:28 +0000},
	Note = {http://www.verificatum.org/verificatum/},
	Title = {Verificatum},
	Year = {2012}}

@misc{cha01:e-vote,
	Author = {D. Chaum},
	Howpublished = {Proceedings of the Workshop on Trustworthy Elections (WOTE '01)},
	Title = {{SureVote: Technical Overview}},
	Year = {2001}}

@misc{sha79:e-vote,
	Author = {A. Shamir},
	Howpublished = {Communications of the ACM},
	Number = {11},
	Pages = {612-613},
	Title = {{How to Share a Secret}},
	Volume = {22},
	Year = {1979}}

@misc{blak79:e-vote,
	Author = {G.R. Blakly},
	Howpublished = {Proceedings of the National Computer Conference},
	Pages = {313-317},
	Title = {{Safeguarding Cryptographic Keys}},
	Volume = {48},
	Year = {1979}}

@misc{jaju00:e-vote,
	Author = {M. Jakobsson and A. Juels},
	Title = {{Mix and Match: Secure Function Evaluation via Ciphertexts}},
	Year = {2000}}

@misc{es07:e-vote,
	Author = {A. Essex and J. Clark and R. Carback and S. Popoveniuc},
	Howpublished = {VoComp 2007},
	Title = {{The Punchscan voting System}},
	Year = {2007}}

@misc{sho99:e-vote,
	Author = {B. Schoenmakers},
	Howpublished = {Advances on Cryptology - CRYPTO'99},
	Pages = {148-164},
	Title = {{A Simple Publicly Verifiable Secret Sharing Scheme and its Application to Electronic Voting}},
	Year = {1999}}

@misc{helss08:e-vote,
	Author = {J. Helbach and J. Schwenk and S. Schr\"{a}ge},
	Howpublished = {Proceedings of Electronic Voting 2008},
	Title = {{Code Voting with Linkable Group Signatures}},
	Year = {2008}}

@misc{jcj06:e-vote,
	Author = {A. Juels and D. Catalano and M. Jakobsson},
	Howpublished = {{Proceedings of the 2005 ACM workshop on Privacy in the electronic society}},
	Month = {11},
	Pages = {61-70},
	Title = {{Coercion-resistant Electronic Elections}},
	Year = {2005}}

@misc{opp02:e-vote,
	Author = {R. Oppliger},
	Howpublished = {Proceedings of the 5th Conference Security in Information Systems (SIS'02)},
	Pages = {pages 153-173},
	Title = {{How to address the Secure Platform Problem for Remote Internet Voting}},
	Year = {2002}}

@misc{ophesch08:e-vote,
	Author = {R. Oppliger and J. Schwenk and J. Helbach},
	Howpublished = {Lecture Notes in Informatics - Sicherheit, Schutz und Zuverl\"{a}ssigkeit (Sicherheit 2008)},
	Pages = {pages 192-204},
	Title = {{Protecting Code Voting Against Vote Selling}},
	Year = {2008}}

@inproceedings{cramer1994proofs,
  title={Proofs of partial knowledge and simplified design of witness hiding protocols},
  author={Cramer, R. and Damg{\aa}rd, I. and Schoenmakers, B.},
  booktitle={Advances in Cryptologyâ€”CRYPTOâ€™94},
  pages={174--187},
  year={1994},
  organization={Springer}
}

@misc{vogr06:e-vote,
	Address = {Bonn},
	Author = {M. Volkamer and R. Grimm},
	Booktitle = {{Electronic Voting 2006}},
	Howpublished = {Proceedings of Electronic Voting 2006},
	Organization = {GI Lecture Notes in Informatics},
	Pages = {97-106},
	Publisher = {Robert Krimmer},
	Title = {{Multiple Casts in Online Voting: Analyzing Chances}},
	Year = {2006}}

@misc{osl08:e-vote,
	Address = {Bonn},
	Author = {R. Oppliger and J. Schwenk and C. L\"{o}hr},
	Booktitle = {{Electronic Voting 2008}},
	Howpublished = {Proceedings of Electronic Voting 2008},
	Organization = {GI Lecture Notes in Informatics},
	Pages = {223-136},
	Publisher = {Robert Krimmer},
	Title = {{CAPTCHA-based Code Voting}},
	Year = {2008}}

@misc{blrs06:e-vote,
	Author = {J.W. Bryans and B. Littlewood and P.Y.A. Ryan and L. Strigini},
	Howpublished = {Proceedings of the First International Conference on Availability, Reliability and Security (ARES'06)},
	Title = {{E-voting: Dependability Requirements and Design for Dependability}},
	Year = {2006}}

@mastersthesis{peters05:e-vote,
	Author = {R.A. Peters},
	School = {Technische Universiteit Eindhoven},
	Title = {{A Secure Bulletin Booard}},
	Year = {2005}}

@misc{yao82:e-vote,
	Author = {A.C. Yao},
	Howpublished = {Proceedings of the 23rd Annual IEEE Symposium on Foundations of Computer Science},
	Title = {{Protocols for Secure Computations}},
	Year = {1982}}

@incollection{terelius2010proofs,
  title={Proofs of restricted shuffles},
  author={Terelius, B. and Wikstr{\"o}m, D.},
  booktitle={Progress in Cryptology--AFRICACRYPT 2010},
  pages={100--113},
  year={2010},
  publisher={Springer}
}

@misc{ped91:e-vote,
	Author = {T.P. Pedersen},
	Howpublished = {Advances on Cryptology - CRYPTO'91},
	Pages = {129-140},
	Title = {{Non-Interactive and Information-Theoretic Secure Verifiable Secret Sharing}},
	Year = {1991}}

@misc{adida08:e-vote,
	Author = {B. Adida},
	Howpubllished = {Proceedings of the Seventeenth Usenix Security Symposium (USENIX Security 2008)},
	Title = {{Helios: Web-based Open-Audit Voting}},
	Note = "www.usenix.org/event/sec08/tech/full\_papers/adida/adida.pdf and  heliosvoting.org",
	Year = {2008}}

@misc{canetti99:e-vote,
	Author = {R. Canetti and R. Gennaro and S. Jarecki and H. Krawczyk and T. Rabin},
	Howpublished = {Advances in Cryptology - CRYPTO'99},
	Pages = {98-115},
	Title = {{Adaptive Security for Threshold Cryptosystems}},
	Year = {1999}}

@misc{cramer98:e-vote,
	Author = {R. Cramer and V. Shoup},
	Howpublished = {Advances in Cryptology - CRYPTO'98},
	Title = {{ A Practical Public Key Cryptosystem Provably Secure against Adaptive Chosen Ciphertext Attack}},
	Year = {1998}}

@phdthesis{adida206:e-vote,
	Author = {B. Adida},
	Month = {July},
	School = {MIT Cambridge},
	Title = {{Advances in Cryptographic Voting Systems}},
	Year = {2006}}

@inproceedings{adida06:e-vote,
	Author = {B. Adida and R.L. Rivest},
	Booktitle = {Workshop on Privacy in the Electronic Society},
	Title = {Scratch and Vote: Self-Contained Paper-Based Cryptographic Voting},
	Year = 2006}

@inproceedings{anderson93:e-vote,
	Author = {R. Anderson},
	Booktitle = {Conference on Computer and Communications Security},
	Organization = {ACM},
	Title = {Why Cryptosystems Fail},
	Year = 1993}

@misc{anon:e-vote,
	Note = {http://freehaven.net/anonbib/},
	Title = {Anonymity Bibliography}}

@misc{appel:e-vote,
	Author = {A. Appel},
	Note = {www.cs.princeton.edu/\~{}appel/papers/DefeatingThreeBallot.pdf},
	Title = {How to defeat Rivest's ThreeBallot Voting System},
	Year = 2005}

@inproceedings{baudron01:e_vote,
	Author = {O. Baudron and P.-A. Fouque and D. Pontecheval and G. Poupard and J. Stern},
	Booktitle = {Symposium on Principles of Distributed Computing},
	Organization = {ACM},
	Pages = {274-283},
	Title = {Practical Multi-Candidate Election System},
	Year = 2001}

@article{bannet04:e-vote,
	Author = {J. Bannet and W. Price and A. Rudys and J. Singer and D. Wallach},
	Journal = {IEEE Security and Privacy},
	Month = {Jan/Feb},
	Number = 1,
	Title = {Hack-a-Vote: Security Issues with Electronic Voting Systems},
	Volume = 2,
	Year = 2004}

@inproceedings{benaloh94:e_vote,
	Author = {J. Benaloh and D. Tuinstra},
	Booktitle = {Symposium on Theory of Computing},
	Organization = {ACM},
	Pages = {544 - 553},
	Title = {Receipt-free Secret-ballot Elections},
	Year = 1994}

@techreport{bryans03:e-vote,
	Author = {J. Bryans and P.Y.A. Ryan},
	Institution = UNT,
	Number = {CS-TR-809},
	Title = {A Dependability Analysis of the Chaum Voting Scheme},
	Year = 2003}

@inproceedings{canetti99:e-vote,
	Author = {R. Canetti and C. Dwork and M. Naor},
	Booktitle = {CRYPTO '97},
	Number = 1294,
	Pages = {90-104},
	Publisher = {Springer-Verlag},
	Series = LNCS,
	Title = {Deniable Encryption},
	Year = 1999}


@article{chaum85:e-vote,
	Author = {D. Chaum},
	Journal = {Communications of the ACM},
	Number = 10,
	Pages = {1030-1044},
	Title = {Security without Identification : Transaction Systems to Make Big Brother Obsolete},
	Volume = 28,
	Year = 1985}

@inproceedings{chaum93:e-vote,
	Address = {London, UK},
	Author = {D. Chaum and T.P. Pedersen},
	Booktitle = {CRYPTO '92: Proceedings of the 12th Annual International Cryptology Conference on Advances in Cryptology},
	Isbn = {3-540-57340-2},
	Pages = {89--105},
	Publisher = {Springer-Verlag},
	Title = {Wallet Databases with Observers},
	Year = {1993}}

@MISC{cha01:e-vote,
  author = {D. Chaum},
  title = {{SureVote: Technical Overview}},
  howpublished = {Proceedings of the Workshop on Trustworthy Elections (WOTE '01
)},
  year = {2001}
}
     
@article{chaum104:e-vote,
	Author = {D. Chaum},
	Journal = {IEEE Security and Privacy},
	Month = {January-February},
	Number = 1,
	Pages = {38-47},
	Title = {Secret-Ballot Receipts: True Voter-Verifiable Elections},
	Volume = 2,
	Year = 2004}

@inproceedings{chaum05:e-vote,
	Author = {D. Chaum and P.Y.A. Ryan and S. Schneider},
	Booktitle = ESORICS,
	Number = 3679,
	Publisher = {Springer-Verlag},
	Series = LNCS,
	Title = {A Practical, Voter-verifiable Election Scheme},
	Year = 2005}

@techreport{chaum204:e-vote,
	Author = {D. Chaum and P.Y.A. Ryan and S. Schneider},
	Institution = UNT,
	Number = {CS-TR-880},
	Title = {{A Practical, Voter-verifiable Election Scheme}},
	Year = 2004}

@techreport{chaum08:e-vote,
	Author = {D. Chaum and R. Carback and J. Clark and A. Essex and S. Popoveniuc and R.L. Rivest and P.Y.A. Ryan and E. Shen and A.T. Sherman},
	Institution = UNT,
	Number = {CS-TR-1107},
	Title = {{Scantegrity II: End-to-End Verifiability for Optical Scan Election Systems using Invisible Ink Confirmation Codes}},
	Year = 2008}

@article{chaum81:e-vote,
	Author = {D. Chaum},
	Journal = {Communications of the ACM},
	Month = {February},
	Number = {2},
	Title = {{Untraceable Electronic Mail, Return Addresses, and Digital Pseudonyms}},
	Volume = {4},
	Year = {1981}}

@misc{chaum07:e-vote,
	Note = {http://punchscan.org/index.php}}

@inproceedings{clarkson05:e-vote,
	Author = {M. Clarkson and A. Myers},
	Booktitle = {Workshop on Frontiers of Electronic Elections},
	Title = {Coercion-resistant Remote Voting using Decryption Mixes},
	Year = 2005}

@misc{cohen:e-vote,
	Author = {S. Cohen},
	Month = {July},
	Note = {PhD, MIT Cambridge, http://www.vote.caltech.edu/theses/cohen-thesis\_5-05.pdf},
	Title = {Auditing Technology for Electronic Voting Machines},
	Www_Pdf_Url = {http://www.vote.caltech.edu/theses/cohen-thesis\_5-05.pdf},
	Year = {2005}}

@INPROCEEDINGS{bt:receipt,
TITLE = "Receipt-free secret-ballot elections",
AUTHOR = "J. Benaloh and D. Tuinstra",
BOOKTITLE = "STOC 94",
PAGES = "544--553",
YEAR = 1994
}

@inproceedings{cramer97:e-vote,
	Author = {R. Cramer and R. Gennaro and B. Schoenmakers},
	Booktitle = {Advances in Cryptology},
	Number = 1233,
	Pages = {103-118},
	Publisher = {Springer-Verlag},
	Series = LNCS,
	Title = {A Secure and Optimally Efficient Multi-Authority Election Scheme},
	Year = 1997}

@misc{damgard03:e-vote,
	Author = {I. Damgard and M. Jurik and J. Nielsen},
	Text = {Ivan Damgard, Mads Jurik, and Jesper Buus Nielsen. A generalization of paillier's public-key system with applications to electronic voting, 2003.},
	Title = {A generalization of paillier's public-key system with applications to electronic voting},
	Url = {citeseer.ist.psu.edu/damgard03generalization.html},
	Year = {2003},
	Bdsk-Url-1 = {citeseer.ist.psu.edu/damgard03generalization.html}}

@misc{danezis04:e-vote,
	Author = {G. Danezis},
	Month = {July},
	Note = {PhD University of Cambridge},
	Title = {Better Anonymous Communications},
	Www_Pdf_Url = {http://www.cl.cam.ac.uk/~gd216/thesis.pdf},
	Www_Section = {Anonymous communication},
	Year = {2004}}

@misc{crypto05,
	Author = {Gerck, E.},
	Note = {http://www.mail-archive.com/cryptography%40metzdowd.com/msg04679.html},
	Title = {Instant lottery cards too, re: reading PINs in `secure' mailers without opening them},
	Year = 2005}

@unpublished{delaune05:e-vote,
	Author = {S. Delaune and S. Kremer and M. Ryan},
	Note = {Workshop on Frontiers of Electronic Elections},
	Title = {Receipt-freeness: formal definition and fault attacks},
	Year = 2005}

@inproceedings{diffie76:e-vote,
	Author = {W. Diffie and M.E. Hellman},
	Booktitle = {Transactions on Information Theory, vol. IT-22, Nov. 1976},
	Organization = {IEEE},
	Pages = {644-654},
	Title = {New Directions in cryptography},
	Year = 1976}

@inproceedings{dolev91:e-vote,
	Author = {D. Dolev and C. Dwork and M. Naor},
	Booktitle = {Symposium on Theory of Computing},
	Organization = {ACM},
	Pages = {542-552},
	Title = {Non-malleable cryptography},
	Year = 1991}

@article{economist04:e-vote,
	Journal = {The Economist},
	Month = {Sept 16},
	Title = {The trouble with technology},
	Year = 2004}

@article{elgamal85:e-vote,
	Author = {T. El~Gamal},
	Journal = {IEEE Transactions on Information Theory},
	Number = 4,
	Pages = {469--472},
	Title = {A Public-Key Cryptosystem and a Signature Scheme Based on Discrete Logarithms},
	Volume = {IT-31},
	Year = 1895}

@misc{feldman06:e-vote,
	Author = {A.J. Feldman et al},
	Howpublished = {Princeton},
	Month = {Sept},
	Note = {itpolicy.princeton.edu/voting/ts-paper.pdf},
	Title = {Security Analysis of the Diebold AccuVote-TS Voting Machine},
	Year = 2006}

@inproceedings{fiat87:e-vote,
	Address = {New York},
	Author = {A. Fiat and A. Shamir},
	Booktitle = {Advances in Cryptology --- Crypto '86},
	Pages = {186--194},
	Publisher = {Springer-Verlag},
	Title = {How to prove yourself: {Practical} solutions to identification and signature problems},
	Url = {citeseer.ist.psu.edu/fiat87how.html},
	Year = {1987},
	Bdsk-Url-1 = {citeseer.ist.psu.edu/fiat87how.html}}

@inproceedings{gomulkiewicz03:e-vote,
	Author = {M. Gomulkiewicz and M. Klonowski and M. Kutylowski},
	Booktitle = ESORICS,
	Number = 2808,
	Pages = {132-145},
	Publisher = {Springer-Verlag},
	Series = LNCS,
	Title = {Rapid Mixing and Security of Chaum's Visual Electronic Voting},
	Year = 2003}

@inproceedings{fujioka92:e-vote,
	Author = {A. Fujioka and T. Okamoto and K. Ohta},
	Booktitle = {Workshop on the Theory and Application of Cryptographic Techniques: Advances in Cryptology},
	Organization = {ACM},
	Pages = {244-251},
	Title = {A Practical Secret Voting Scheme for Large Scale Elections},
	Year = 1992}

@article{gjkr:dkh,
	Author = {R. Gennaro and S. Jarecki and H. Krawczyk and T. Rabin},
	Title = {Secure Distributed Key Generation for Discrete-Log based Cryptosystems},
	Journal = {Journal of Cryptology},
	Year = {2007},
	Number = {20},
	Pages = {51--82}
}


@misc{gumbel:e-vote,
	Author = {A. Gumbel},
	Note = {Nation Books},
	Title = {Steal this Vote!},
	Year = 2005}

@misc{grumbaugh66:e-vote,
	Author = {Grumbaugh},
	Note = {???},
	Title = {Ancient Greek Gadgets and Devices!},
	Year = 1966}

@misc{heather07:e-vote,
	Author = {J. Heather},
	Note = {Computer Security Foundations 2007},
	Title = {Implementing STV securely in Pr\^{e}t \`{a} Voter},
	Year = 2007}

@inproceedings{furukawa2001efficient,
  title={An efficient scheme for proving a shuffle},
  author={Furukawa, J. and Sako, K.},
  booktitle={Advances in Cryptologyâ€”CRYPTO 2001},
  pages={368--387},
  year={2001},
  organization={Springer}
}

@inproceedings{jakobsson98:e-vote,
	Author = {M. Jakobsson},
	Booktitle = {Advances in Cryptography - EUROCRYPT},
	Number = 1403,
	Pages = {448-461},
	Publisher = {Springer-Verlag},
	Series = LNCS,
	Title = {A Practical Mix},
	Year = 1998}

@inproceedings{jakobsson02:e-vote,
	Author = {M. Jakobsson and A. Juels and R.L. Rivest},
	Booktitle = {USENIX Security Symposium},
	Pages = {339-353},
	Title = {{Making Mix Nets Robust for Electronic Voting by Randomized Partial Checking}},
	Year = 2002}

@inproceedings{jakobsson96:e-vote,
	Author = {M. Jakobsson and K. Sako and R. Impagiazzo},
	Booktitle = {EUROCRYPT},
	Number = 1070,
	Pages = {143-154},
	Publisher = {Springer-Verlag},
	Series = LNCS,
	Title = {Designated Verifier Proofs and their Applications},
	Year = 1996}

@misc{jones03:e-vote,
	Author = {D.W. Jones},
	Note = {http://www.cs.uiowa.edo/~jones/voting/pictures},
	Title = {A Brief Illustrated History of Voting},
	Year = 2003}

@BOOK{JS09:BrokenBallots,
	AUTHOR={D.W. Jones and B. Simons},
	Title={Broken Ballots: Will Your Vote Count?},
	publisher={University of Chicago Press},
	year=2012
}
	

@misc{jones06:e-vote,
	Author = {D.W. Jones},
	Note = {http://vote.nist.gov/threats/papers/threats to voting systems.pdf},
	Title = {Threats to Voting Systems},
	Year = 2005}

@inproceedings{juels05:e-vote,
	Author = {A. Juels and D. Catalano and M. Jakobsson},
	Booktitle = {{Proceedings of the 2005 ACM workshop on Privacy in the electronic society}},
	Month = {11},
	Pages = {61-70},
	Title = {{Coercion-resistant Electronic Elections}},
	Year = {2005}}

@inproceedings{karlof05:e-vote,
	Author = {C. Karlof and N. Sastry and D. Wagner},
	Booktitle = {USENIX Security Symposium},
	Number = 3444,
	Pages = {186-200},
	Publisher = {Springer-Verlag},
	Series = LNCS,
	Title = {Cryptographic Voting Protocols: A Systems Perspective},
	Year = 2005}

@inproceedings{kohno04:e-vote,
	Author = {T. Kohno and A. Stubblefield and A.D. Rubin and D.S. Wallach},
	Booktitle = SP,
	Organization = {IEEE},
	Title = {Analysis of an Electronic Voting System},
	Year = 2004}

@inproceedings{kremer05:e-vote,
	Author = {S. Kremer and M. Ryan},
	Booktitle = {European Symposium on Programming},
	Number = 3444,
	Pages = {186-200},
	Publisher = {Springer-Verlag},
	Series = LNCS,
	Title = {Analysis of an Electronic Voting Protocol in the Applied Pi-Calculus},
	Year = 2005}

@article{lauer04:e-vote,
	Author = {T.W. Lauer},
	Journal = {Electronic Journal of e-Government},
	Month = {Dec},
	Number = 3,
	Title = {The risk of e-voting},
	Volume = 2,
	Year = 2004}

@article{micali:e-vote,
	Author = {S. Micali and S. Vadhan and M. Rabin},
	Journal = {focs, p. 120, 40th Annual Symposium on Foundations of Computer Science},
	Title = {Verifiable Random Functions},
	Year = 1999}

@inproceedings{naor89:e-vote,
	Author = {M. Naor},
	Booktitle = {Advances in Cryptography},
	Number = 435,
	Pages = {128-136},
	Publisher = {Springer-Verlag},
	Series = LNCS,
	Title = {Bit Commitment using Pseudo-randomness},
	Year = 1989}

@inproceedings{neff01:e-vote,
	Author = {A. Neff},
	Booktitle = {Conference on Computer and Communications Security},
	Organization = {ACM},
	Pages = {116-125},
	Title = {A verifiable secret shuffle and its application to e-voting},
	Year = 2001}

@misc{neff104:e-vote,
	Author = {A. Neff},
	Note = {http://www.votehere.net/documentation/vhti},
	Title = {Practical high certainty intent verification for encrypted votes},
	Year = 2004}

@misc{neff204:e-vote,
	Author = {A. Neff},
	Note = {http://www.votehere.net/documentation/vhti},
	Title = {Verifiable mixing(shuffling) of El-Gamal pairs},
	Year = 2004}

@article{mercuri02:e-vote,
	Author = {R. Mercuri},
	Journal = {IEEE Spectrum Online},
	Month = {October},
	Title = {A Better Ballot Box?},
	Year = 2002}

@inproceedings{naor94:e-vote,
	Author = {M. Naor and A. Shamir},
	Booktitle = {Advances in Cryptology},
	Number = 950,
	Pages = {1-12},
	Publisher = {Springer-Verlag},
	Series = LNCS,
	Title = {Visual Cryptography},
	Year = 1994}

@inproceedings{okamoto97:e-vote,
	Author = {T. Okamoto},
	Booktitle = {Workshop on Security Protocols},
	Number = 1361,
	Pages = {25-35},
	Publisher = {Springer-Verlag},
	Series = LNCS,
	Title = {Receipt-free Electronic Voting Schemes for Large Scale Elections},
	Year = 1997}

@inproceedings{okamoto96:e-vote,
	Author = {T. Okamoto},
	Booktitle = {WIFIP World Conference on IT Tools},
	Pages = {21-30},
	Title = {An Electronic Voting Scheme},
	Year = 1996}

@article{paillier:e-vote,
	Author = {P. Paillier},
	Journal = {Lecture Notes in Computer Science},
	Title = {Public-Key Cryptosystems Based on Composite Degree Residuosity Classes},
	Url = {citeseer.ist.psu.edu/paillier99publickey.html},
	Volume = {1592},
	Year = {1999},
	Bdsk-Url-1 = {citeseer.ist.psu.edu/paillier99publickey.html}}

@inproceedings{peng:e-vote,
	Author = {K. Peng and C. Boyd and E. Dawson},
	Booktitle = {CRYPTO},
	Pages = {188-204},
	Title = {Simple and Efficient Shuffling with Provable Correctness and ZK Privacy},
	Year = {2005}}

@article{randell06:e-vote,
	Author = {B. Randell and P.Y.A. Ryan},
	Journal = {IEEE Security \& Privacy},
	Month = {November},
	Title = {Voting Technologies and Trust},
	Year = 2006}

@techreport{randell05:e-vote,
	Author = {B. Randell and P.Y.A. Ryan},
	Institution = UNT,
	Number = {CS-TR-911},
	Title = {Voting Technologies and Trust},
	Year = 2005}

@misc{rivest06:e-vote,
	Author = {R.L. Rivest},
	Note = {theory.lcs.mit.edu/~rivest/Rivest-TheThreeBallotVotingSystem.pdf},
	Title = {The Three Ballot Voting System},
	Year = 2006}

@misc{rivest78:e-vote,
	Author = {R.L. Rivest, A. Shamir, L. Adleman},
	Note = {Communications of the ACM, Vol. 21 (2), pp.120--126},
	Title = {A Method for Obtaining Digital Signatures and Public-Key Cryptosystems},
	Year = 1978}

@inproceedings{rivest2012bayesian,
  title={A Bayesian Method for Auditing Elections.},
  author={Rivest, Ronald L and Shen, Emily},
  booktitle={EVT/WOTE},
  year={2012}
}

@article{rivest2008notion,
  title={On the notion of â€˜software independenceâ€™in voting systems},
  author={Rivest, Ronald L},
  journal={Philosophical Transactions of the Royal Society of London A: Mathematical, Physical and Engineering Sciences},
  volume={366},
  number={1881},
  pages={3759--3767},
  year={2008},
  publisher={The Royal Society}
}

@misc{ryan104:e-vote,
	Author = {P.Y.A. Ryan},
	Note = {DIMACS Workshop on Electronic Voting -- Theory and Practice},
	Title = {Towards a Dependability Case for the Chaum Voting Scheme},
	Year = 2004}

@techreport{ryan006:e-vote,
	Author = {P.Y.A. Ryan and S.A. Schneider},
	Institution = UNT,
	Number = {CS-TR-956},
	Title = {Pr\^{e}t \`{a} Voter with Re-encryption Mixes},
	Year = 2006}

@inproceedings{ryan106:e-vote,
	Author = {P.Y.A. Ryan and S.A. Schneider},
	Booktitle = ESORICS,
	Number = 4189,
	Publisher = {Springer-Verlag},
	Series = LNCS,
	Title = {{Pr\^{e}t \`{a} Voter with Re-encryption Mixes}},
	Year = 2006}

@techreport{ryan206:e-vote,
	Author = {P.Y.A. Ryan},
	Institution = UNT,
	Number = {Newcastle Tech Report 966, June 2006},
	Title = {Verified Encrypted Paper Audit Trails},
	Url = {http://www.cs.ncl.ac.uk/research/pubs/trs/abstract.php?number=966},
	Year = 2006,
	Bdsk-Url-1 = {http://www.cs.ncl.ac.uk/research/pubs/trs/abstract.php?number=966}}

@inproceedings{ryan06:e-vote,
	Author = {P.Y.A. Ryan},
	Booktitle = {Fourteenth International Workshop on Security Protocols},
	Note = {To appear},
	Publisher = {Springer-Verlag},
	Series = LNCS,
	Title = {Putting the Human back in Voting Protocols},
	Year = 2006}

@techreport{ryan05:e-vote,
	Author = {P.Y.A. Ryan and T. Peacock},
	Institution = UNT,
	Number = {CS-TR-929},
	Title = {Pr\^{e}t \`{a} Voter: a Systems Perspective},
	Year = 2005}

@inproceedings{ryan105:e-vote,
	Author = {P.Y.A. Ryan},
	Booktitle = {Proceedings of the Workshop on Issues in the Theory of Security},
	Pages = {81-88},
	Publisher = {ACM},
	Title = {A Variant of the Chaum Voting Scheme},
	Year = 2005}

@techreport{ryan204:e-vote,
	Author = {P.Y.A. Ryan and J. Bryans},
	Institution = UNT,
	Number = {CS-TR-843},
	Title = {{A Simplified Version of the Chaum Voting Scheme}},
	Year = 2004}

@techreport{ryan304:e-vote,
	Author = {P.Y.A. Ryan},
	Institution = UNT,
	Number = {CS-TR-864},
	Title = {A Variant of the Chaum Voting Scheme},
	Year = 2004}

@techreport{ryan207:e-vote,
	Author = {P.Y.A. Ryan},
	Institution = UNT,
	Number = {CS-TR-1014},
	Title = {{Pr\^{e}t \`{a} Voter with Paillier Encryption, Revised and Extended}},
	Year = 2007}

@techreport{ryan307:e-vote,
	Author = {P.Y.A. Ryan},
	Institution = UNT,
	Number = {CS-TR-988},
	Title = {The Computer Ate My Vote},
	Year = 2007}

@article{pavPaillier,
	Author = {P.Y.A. Ryan},
	Journal = {Mathematical and Computer Modelling},
	Month = {November},
	Number = {9-10},
	Pages = {1646-1662},
	Title = {{P}r{\^{e}}t {\`{a}} {V}oter with Paillier encryption},
	Volume = 48,
	Year = {2008}}

@inproceedings{RT09:PGD,
  author = {P.Y.A. Ryan and V. Teague},
  title = {{Pretty Good Deomcracy}},
  booktitle = {Proceedings of the Seventeenth International Workshop on Security Protocols 2009},
year = {2013},
OPTeditor = {Bruce Christianson and  James A. Malcolm and  Vashek Maty\'{a}\u{s} and Michael Roe},
OPTvolume = {7028},
OPTseries = {LNCS},
OPTpublisher = {Springer Berlin Heidelberg},
}

@inproceedings{HRT10:PGD4STV,
	Author="J. Heather and P.Y.A. Ryan and V. Teague",
	Title="Pretty Good Democracy for more expressive voting schemes",
	Booktitle="Proc. 15th European Symposium on Research in Computer Security (ESORICS)",	
	Year="2010",
	EDITOR="Dimitris Gritzalis and Bart Preneel and Marianthi Theoharidou",
	Series="LNCS",
	VOLUME="6345",
	PUBLISHER="Springer Berlin Heidelberg"
}
	
@inproceedings{remotegrity,
	Author={},
	Title={Remotegrity: Design and Use of an End-to-End Verifiable Remote Voting System},
	Booktitle={Proc. International Conference on Applied Cryptography and Network Security},
	Year=2013,
	EDITOR={Michael Jacobson and
Michael Locasto and Payman Mohassel and Rei Safavi-Naini}
}

@inproceedings{sako95:e-vote,
	Author = {K. Sako and J. Killian},
	Booktitle = {Advances in Cryptology},
	Number = 921,
	Pages = {393-403},
	Publisher = {Springer-Verlag},
	Series = LNCS,
	Title = {Receipt-free Mix-type Voting Scheme: A Practical Solution to the Implementation of a Voting Booth},
	Year = 1995}

@misc{selker05:e-vote,
	Author = {T. Selker},
	Note = {www.vote.caltech.edu/media/documents/wps/vtp_wp28.pdf},
	Title = {An Active Approach to Voter Verification},
	Year = 2005}

@misc{scantegrity:e-vote,
	Note = {http://www.scantegrity.org/papers/whitepaper.pdf},
	Title = {Scantegrity}}

@article{shamir:e-vote,
	Address = {New York, NY, USA},
	Author = {Adi Shamir},
	Doi = {http://doi.acm.org/10.1145/359168.359176},
	Issn = {0001-0782},
	Journal = {Commun. ACM},
	Number = {11},
	Pages = {612--613},
	Publisher = {ACM},
	Title = {How to share a secret},
	Volume = {22},
	Year = {1979},
	Bdsk-Url-1 = {http://doi.acm.org/10.1145/359168.359176}}

@inproceedings{stinson06:e-vote,
	Author = {D.R. Stinson},
	Booktitle = {Chapman and Hall, CRC},
	Title = {Cryptography, theory and practice},
	Year = 2006}

@inproceedings{hirt00:e-vote,
	Author = {M. Hirt and K. Sako},
	Booktitle = {Advances in Cryptology},
	Number = 1807,
	Pages = {539-556},
	Publisher = {Springer-Verlag},
	Series = LNCS,
	Title = {Efficient Receipt-Free Voting Based on Homomorphic Encryption},
	Year = 2000}

@article{ting08:PaillierPET,
	Author = {P.-Y. Ting and X.-W. Huang},
	Journal = {International Journal of Network Security},
	Note = {http://ijns.femto.com.tw/contents/ijns-v6-n3/ijns-v6-n3.html},
	Number = {3},
	Pages = {258-264},
	Title = {Distributed Paillier Plaintext Equivalence Test},
	Volume = {6},
	Year = {2008}}

@misc{wiki06:e-vote,
	Author = {Anon},
	Note = {http://en.wikipedia.org/wiki/Category:Voting\_systems},
	Title = {Voting Systems},
	Year = 2006}

@inproceedings{young96:e-vote,
	Author = {Young, A. and Yung, M.},
	Booktitle = {Crypto'96},
	Pages = {89-103},
	Publisher = {Springer-Verlag},
	Series = LNCS,
	Title = {The Dark Side of Black-Box Cryptography, or: Should we trust Capstone?},
	Year = 1996}

@inproceedings{gogolewski06:e-vote,
	Author = {{Gogolewski et al}},
	Booktitle = {International Conference on Emerging trends in Information and Communication Security},
	Note = {http://www.nesc.ac.uk/talks/639/Day2/workshop-slides2.pdf},
	Title = {Kleptographic Attacks on e-Election Schemes},
	Year = 2006}

@article{XSHT08:e-vote,
	Author = {Z. Xia and S. Schneider and J. Heather and J. Traor\'{e}},
	Journal = {2008 USENIX/ACCURATE Electronic Voting Technology Workshop (EVT'08)},
	Note = {San Jose, CA},
	Title = {Analysis, improvement and simplification of the Pr\^et \`a {V}oter with {P}aillier encryption},
	Year = {2008}}

@article{RyanBHSX09,
	Author = {P.Y.A. Ryan and D. Bismark and J. Heather and S. Schneider and Z. Xia},
	Ee = {http://dx.doi.org/10.1109/TIFS.2009.2033233},
	Journal = {IEEE Transactions on Information Forensics and Security},
	Number = {4},
	Pages = {662-673},
	Title = {Pr{\^e}t {\`a} voter: a voter-verifiable voting system},
	Volume = {4},
	Year = {2009}}

@techreport{Civitas,
	Abstract = {(No abstract.)},
	Author = {M. Clarkson and S. Chong and A.C. Myers},
	Institution = {Cornell University Computing and Information Science Technology Report},
	Month = {May},
	Title = {Civitas: A Secure Remote Voting System},
	Url = {http://www.truststc.org/pubs/545.html},
	Year = {2007},
	Bdsk-Url-1 = {http://www.truststc.org/pubs/545.html}}

@inproceedings{BenalohSimple06,
	Author = {J. Benaloh},
	Booktitle = {Proc. 1st {USENIX}\/Accurate Electronic Voting Technology Workshop},
	Title = {Simple Verifiable Elections},
	Url = {http://www.usenix.org/events/evt06/tech},
	Year = 2006,
	Bdsk-Url-1 = {http://www.usenix.org/events/evt06/tech}}

@misc{zhou04,
	Author = {L. Zhou and M. Marsh and F. Schneider and A. Redz},
	Title = {Distributed blinding for ElGamal re-encryption. Technical Report TR 2004-1920, Cornell University, January 2004.},
	Url = {citeseer.ifi.unizh.ch/zhou04distributed.html},
	Year = 2004,
	Bdsk-Url-1 = {citeseer.ifi.unizh.ch/zhou04distributed.html}}

@misc{NOSRC:eprints/hal/Cosmo2007,
	Affiliation = {Preuves, Programmes et Syst\`emes - PPS - CNRS : UMR7126 - Universit\'e Paris Diderot - Paris 7},
	Author = {Di Cosmo, R.},
	Eprint = {hal-00142440},
	Eprinttype = {HAL Open Archive},
	Label = {DC},
	Title = {On Privacy and Anonymity in Electronic and Non Electronic Voting: the Ballot-As-Signature Attack},
	Url = {http://hal.archives-ouvertes.fr/hal-00142440/en/},
	Year = {2007},
	Bdsk-Url-1 = {http://hal.archives-ouvertes.fr/hal-00142440/en/}}

@inproceedings{Ramchen2010,
	Author = {K. Ramchen and V. Teague},
	Booktitle = {Proc. {USENIX}\/Accurate Electronic Voting Technology Workshop},
	Title = {Parallel Shuffling and its application to Pr\^et \`a {V}oter},
	Year = 2010}

@techreport{wb:mixAndTest,
	Author = {R. Wen and R. Buckland},
	Institution = {University of New South Wales},
	Note = {Proc. WISSEC 2008, http://www.win.tue.nl/~berry/wissec2008/},
	Number = {0809},
	Title = {Mix and Test Counting in Preferential Electoral Systems},
	Year = {2008}}

@inproceedings{SIITakPk,
	Author = {R. Carback and D. Chaum and J. Clark and J. Conway and A. Essex and P.S. Herrnson and T. Mayberry and S. Popoveniuc and R.L. Rivest and E. Shen and A.T. Sherman and P.L. Vora},
	Booktitle = {Proc. {USENIX} Security},
	Title = {Scantegrity II Municipal Election at Takoma Park: The First E2E Binding Governmental Election with Ballot Privacy},
	Year = 2010}

@article{stark2012gentle,
  title={A gentle introduction to risk-limiting audits},
  author={Stark, P.B. and Lindeman, M.},
  year={2012},
  journal={IEEE SECURITY and PRIVACY},
  Volume=10,
  Issue=5,
  Pages="42--49",
}

@inproceedings{essex09:printasecret,
	Author = {A. Essex and J. Clark and U. Hengartner and C. Adams},
	Booktitle = {Hot{S}ec},
	Title = {How to Print a Secret},
	Year = 2009}

@misc{StarVote,
	Author={J. Benaloh and M. Byrne and P. Kortum and N. McBurnett and O. Pereira and P.B. Stark and D.S. Wallach},
	Title={STAR-Vote: A Secure, Transparent, Auditable, and Reliable Voting System},
	year=2011,
	URL={http://arxiv.org/abs/1211.1904}
}	

@inproceedings{SOBA11,
	author={J. Benaloh and D. Jones and E. Lazarus and M. Lindeman and P.B. Stark},
	Title={SOBA: Secrecy-preserving Observable Ballot-level Audit},
	Booktitle={proc. Proc. {USENIX}\/Accurate Electronic Voting Technology Workshop},
	year=2011	
}

@article{shuffle-sum,
	Author = {J. Benaloh and T. Moran and L. Naish and K. Ramchen and V. Teague},
	Journal = {IEEE Transactions on Information Forensics and Security},
	Number = 4,
	Pages = {685-698},
	Title = {Shuffle-sum: coercion-resistant verifiable tallying for {STV} voting},
	Volume = 4,
	Year = 2009}

@inproceedings{Micali99verifiablerandom,
	Author = {S. Micali and M. Rabin and S. Vadhan},
	Booktitle = {In Proc. 40th IEEE Symposium on Foundations of Computer Science (FOCS}},
	Pages = {120--130},
	Publisher = {IEEE},
	Title = {Verifiable Random Functions},
	Year = {1999}}

@article{DBLP:journals/cryptologia/ChaumHPV09,
	Author = {D. Chaum and B. Hosp and S. Popoveniuc and P.L. Vora},
	Ee = {http://dx.doi.org/10.1080/01611190902894946},
	Journal = {Cryptologia},
	Number = {3},
	Pages = {283-291},
	Title = {Accessible Voter-Verifiability},
	Volume = {33},
	Year = {2009}}

@inproceedings{Magrino:irv,
	Author = {T.R. Magrino and R.L. Rivest and E. Shen and D.A. Wagner},
	Booktitle = {{USENIX}\/Accurate Electronic Voting Technology Workshop\/Workshop on Trustworthy Elections},
	Title = {Computing the Margin of Victory in {IRV} Elections},
	Year = 2011}

@inproceedings{Cary:irv,
	Author = {D. Cary},
	Booktitle = {{USENIX}\/Accurate Electronic Voting Technology Workshop\/Workshop on Trustworthy Elections},
	Title = {Estimating the Margin of Victory for Instant-Runoff Voting},
	Year = 2011}

@inproceedings{VoteBox,
	Author = {D.R. Sandler and K. Derr and D.S. Wallach},
	Booktitle = {Proc. 17th USENIX Security Symposium},
	Title = {VoteBox: A tamper-evident, verifiable electronic voting system},
	Year = 2008}

@misc{cryptoeprint:2010:380,
    author = {K. GjÃ¸steen},
    title = {Analysis of an internet voting protocol},
    howpublished = {Cryptology ePrint Archive, Report 2010/380},
    year = {2010},
    note = {\url{http://eprint.iacr.org/}},
}

@misc{Wombat,
	Author = {A. Rosen and A. Ta-shma and B. Riva and J. (Y.) Ben-Nun},
	Title = {Wombat Voting System},
	note = {http://www.wombat-voting.com},
	Bdsk-Url-1 = {http://www.wombat-voting.com}}

@inproceedings{Xia10:VersatilePaV,
  author    = {Z. Xia and
               C. Culnane and
               J. Heather and
               H. Jonker and
               P.Y.A. Ryan and
               S.A. Schneider and
               S. Srinivasan},
  title     = {Versatile Pr{\^e}t {\`a} Voter: Handling Multiple Election
               Methods with a Unified Interface},
  booktitle = {INDOCRYPT},
  year      = {2010},
  pages     = {98-114}}

@inproceedings{EVOTE2012:VEC,
  author = {C. Burton and 
                 C. Culnane and 
                 J. Heather and 
                 T. Peacock and 
                 P.Y.A. Ryan and 
                 S. Schneider and 
                 S. Srinivasan and
                 Z. Xia},
  title = {A supervised verifiable voting protocol for the Victorian Electoral Commission},
  booktitle = {Proc. 5th International Conference on Electronic Voting},
  year = 2012}

@PHDTHESIS{NOSRC:theses/unsw/Wen2010,
  author = {R. Wen},
  title = {Online Elections in Terra Australis},
  school = {School of Computer Science and Engineering, The University
of New
        South Wales},
  year = {2010}
}

@inproceedings{DBLP:conf/crypto/Chaum82,
  author    = {D. Chaum},
  title     = {Blind Signatures for Untraceable Payments},
  booktitle = {CRYPTO},
  year      = {1982},
  pages     = {199-203},
  crossref  = {DBLP:conf/crypto/1982},
  bibsource = {DBLP, http://dblp.uni-trier.de}
}

@inproceedings{DBLP:conf/icdcs/ZhouMSR05,
  author    = {L. Zhou and
               M.A. Marsh and
               F.B. Schneider and
               A. Redz},
  title     = {Distributed Blinding for Distributed ElGamal Re-Encryption},
  booktitle = {ICDCS},
  year      = {2005},
  pages     = {815-824},
  ee        = {http://doi.ieeecomputersociety.org/10.1109/ICDCS.2005.24},
  crossref  = {DBLP:conf/icdcs/2005},
  bibsource = {DBLP, http://dblp.uni-trier.de}
}

@inproceedings{DBLP:conf/etrics/GogolewskiKKKLZ06,
  author    = {Marcin Gogolewski and
               M. Klonowski and
               P. Kubiak and
               M. Kutylowski and
               A. Lauks and
               F. Zag{\'o}rski},
  title     = {Kleptographic Attacks on E-Voting Schemes},
  booktitle = {ETRICS},
  year      = {2006},
  pages     = {494-508},
  ee        = {http://dx.doi.org/10.1007/11766155_35},
  crossref  = {DBLP:conf/etrics/2006},
  bibsource = {DBLP, http://dblp.uni-trier.de}
}

@inproceedings{DBLP:conf/eurocrypt/CramerFSY96,
  author    = {R. Cramer and
               M.K. Franklin and
               B. Schoenmakers and
               M. Yung},
  title     = {Multi-Autority Secret-Ballot Elections with Linear Work},
  booktitle = {EUROCRYPT},
  year      = {1996},
  pages     = {72-83},
  ee        = {http://dx.doi.org/10.1007/3-540-68339-9_7},
  crossref  = {DBLP:conf/eurocrypt/96},
  bibsource = {DBLP, http://dblp.uni-trier.de}
}

@techreport{Benaloh:trashAttack,
Author = "J. Benaloh and E. Lazarus",
Title = "The Trash Attack: An Attack on Verifiable Voting Systems and a Simple Mitigation",
Institution = "Microsoft",
Year = "2011",
Number="MSR-TR-2011-115"
}

@incollection{Kelsey:Attacking,
Title="Attacking paper-based e2e voting systems",
Author="John Kelsey and Andrew Regenscheid and Tal Moran and David Chaum",
Booktitle="Towards Trustworthy Elections: New Directions in Electronic Voting. Lecture Notes in Computer Science, Vol. 6000", 
Editor="Chaum, D. and Jakobsson, M. and Rivest, R.L. and Ryan, P.Y.A. and Benaloh, J. and Kutylowski, M. and Adida, B.",
PUBLISHER="Springer",
Year="2010"
}

@misc{HeliosV4Specs,
	TITLE="Helios V4 Verification Specs",
	Author="B. Adida and O. Pereira {\it et al.}",
	Note="http://documentation.heliosvoting.org/verification-specs/helios-v4"
}

@article{stark2008sharper,
  title={A sharper discrepancy measure for post-election audits},
  author={Stark, P.B.},
  journal={Ann. Appl. Stat},
  volume={2},
  pages={982--985},
  year={2008}
}

@article{stark2008conservative,
  title={Conservative statistical post-election audits},
  author={Stark, P.B.},
  journal={Annals of Applied Statistics},
  year={2008}
}

@article{stark2014verifiable,
  title={Verifiable european elections: risk-limiting audits for dâ€™hondt and its relatives},
  author={Stark, Philip B and Teague, Vanessa},
  journal={USENIX Journal of Election Technology and Systems (JETS)},
  volume={1},
  pages={18--39},
  year={2014}
}

@article{blom2015efficient,
  title={Efficient computation of exact IRV margins},
  author={Blom, Michelle and Stuckey, Peter J and Teague, Vanessa J and Tidhar, Ron},
  journal={arXiv preprint arXiv:1508.04885},
  year={2015}
}

@article{gallagher1992comparing,
  title={Comparing proportional representation electoral systems: Quotas, thresholds, paradoxes and majorities},
  author={Gallagher, M.},
  journal={British Journal of Political Science},
  volume={22},
  number={4},
  pages={469--496},
  year={1992},
  publisher={Cambridge Univ Press}
}

@article{sarwate2013risk,
  title={Risk-limiting Audits and the Margin of Victory in Nonplurality Elections},
  author={Sarwate, A.D. and Checkoway, S. and Shacham, H.},
  journal={Politics, and Policy},
  volume={3},
  number={3},
  pages={29--64},
  year={2013}
}

@misc{CASoS14,
	title="Post-Election Risk-Limiting Audit Pilot Program",
	author="{California Secretary of State}",
	year="2011--2013",
	note="\verb|http://www.sos.ca.gov/elections/voting-systems/oversight| \verb|/post-election-auditing-regulations-and-reports| 
	\verb|/post-election-risk-limiting-audit-pilot-program/|"
}

@inproceedings{Xia2012,
author=  "L. Xia",
title = "Computing the margin of victory for various voting rules",
booktitle= "Proceedings of the ACM Conference on Electronic Commerce (EC)",
pages=" 982-â€“999",
year= 2012
}
